% This file was created with JabRef 2.9.2.
% Encoding: MacRoman

@ARTICLE{bollen2011and,
  author = {Bollen, Johan and Fox, Geoffrey and Singhal, Prashant Raj},
  title = {{How and where the TeraGrid supercomputing infrastructure benefits
	science}},
  journal = {Journal of Informetrics},
  year = {2011},
  volume = {5},
  pages = {114--121},
  number = {1},
  publisher = {Elsevier}
}

@INPROCEEDINGS{Bollen:2007:MUM:1255175.1255273,
  author = {Bollen, Johan and Rodriguez, Marko A. and Van de Sompel, Herbert},
  title = {{MESUR: Usage-based Metrics of Scholarly Impact}},
  booktitle = {Proceedings of the 7th ACM/IEEE-CS Joint Conference on Digital Libraries},
  year = {2007},
  series = {JCDL '07},
  pages = {474--474},
  address = {New York, NY, USA},
  publisher = {ACM},
  acmid = {1255273},
  doi = {10.1145/1255175.1255273},
  isbn = {978-1-59593-644-8},
  keywords = {digital libraries, impact factor, scholarly evaluation, semantic networks,
	usage data},
  location = {Vancouver, BC, Canada},
  numpages = {1},
  url = {http://doi.acm.org/10.1145/1255175.1255273}
}

@ARTICLE{bollen2009principal,
  author = {Bollen, Johan and Van de Sompel, Herbert and Hagberg, Aric and Chute,
	Ryan},
  title = {{A principal component analysis of 39 scientific impact measures}},
  journal = {PloS one},
  year = {2009},
  volume = {4},
  pages = {e6022},
  number = {6},
  publisher = {Public Library of Science}
}

@INPROCEEDINGS{Bollen:2008:TUI:1378889.1378928,
  author = {Bollen, Johan and Van de Sompel, Herbert and Rodriguez, Marko A.},
  title = {{Towards Usage-based Impact Metrics: First Results from the Mesur
	Project.}},
  booktitle = {Proceedings of the 8th ACM/IEEE-CS Joint Conference on Digital Libraries},
  year = {2008},
  series = {JCDL '08},
  pages = {231--240},
  address = {New York, NY, USA},
  publisher = {ACM},
  acmid = {1378928},
  doi = {10.1145/1378889.1378928},
  isbn = {978-1-59593-998-2},
  keywords = {data mining, impact factor, mapping, social networks, usage data},
  location = {Pittsburgh PA, PA, USA},
  numpages = {10},
  url = {http://doi.acm.org/10.1145/1378889.1378928}
}

@ARTICLE{egghe2006theory,
  author = {Egghe, Leo},
  title = {{Theory and practise of the g-index}},
  journal = {Scientometrics},
  year = {2006},
  volume = {69},
  pages = {131--152},
  number = {1},
  publisher = {Akad{\'e}miai Kiad{\'o}, co-published with Springer Science+ Business
	Media BV, Formerly Kluwer Academic Publishers BV}
}

@ARTICLE{hirsch2005index,
  author = {Hirsch, Jorge E},
  title = {{An index to quantify an individual's scientific research output}},
  journal = {Proceedings of the National academy of Sciences of the United States
	of America},
  year = {2005},
  volume = {102},
  pages = {16569--16572},
  number = {46},
  publisher = {National Acad Sciences}
}

@BOOK{hoaglin1983understanding,
  title = {{Understanding robust and exploratory data analysis}},
  publisher = {Wiley New York},
  year = {1983},
  author = {Hoaglin, David C and Mosteller, Frederick and Tukey, John Wilder},
  volume = {3}
}

@ARTICLE{kaur2012scholarometer,
  author = {Kaur, Jasleen and Hoang, Diep Thi and Sun, Xiaoling and Possamai,
	Lino and JafariAsbagh, Mohsen and Patil, Snehal and Menczer, Filippo},
  title = {{Scholarometer: A social framework for analyzing impact across disciplines}},
  journal = {PloS one},
  year = {2012},
  volume = {7},
  pages = {e43235},
  number = {9},
  publisher = {Public Library of Science}
}

@ARTICLE{thomas1998institutional,
  author = {Thomas, PR and Watkins, DS},
  title = {{Institutional research rankings via bibliometric analysis and direct
	peer review: A comparative case study with policy implications}},
  journal = {Scientometrics},
  year = {1998},
  volume = {41},
  pages = {335--355},
  number = {3},
  publisher = {Springer}
}

@ARTICLE{van2000evaluating,
  author = {Van Houten, BA and Phelps, Jerry and Barnes, Martha and Suk, William
	A},
  title = {{Evaluating scientific impact}},
  journal = {Environmental health perspectives},
  year = {2000},
  volume = {108},
  pages = {A392},
  number = {9},
  publisher = {National Institute of Environmental Health Science}
}

@ARTICLE{yang2006citation,
  author = {Yang, Kiduk and Meho, Lokman I},
  title = {{Citation analysis: a comparison of Google Scholar, Scopus, and Web
	of Science}},
  journal = {Proceedings of the American Society for Information Science and Technology},
  year = {2006},
  volume = {43},
  pages = {1--15},
  number = {1},
  publisher = {Wiley Online Library}
}

@MISC{www-altmetrics,
  title = {altmetrics},
  howpublished = {Web Page},
  owner = {fuwang},
  timestamp = {2014.03.07},
  url = {http://altmetrics.org/manifesto/}
}

@MISC{www-drupal-bib,
  title = {{Drupal Bibliography Module}},
  howpublished = {Web Page},
  timestamp = {2014.03.04},
  url = {https://drupal.org/project/biblio}
}

@MISC{www-fgbiblio,
  title = {{FutureGrid Biblio}},
  howpublished = {Web Page},
  owner = {fuwang},
  timestamp = {2014.03.07},
  url = {https://portal.futuregrid.org/biblio}
}

@MISC{www-googlescholar,
  title = {{Google Scholar}},
  howpublished = {Web Page},
  owner = {fuwang},
  timestamp = {2014.03.07},
  url = {http://scholar.google.com/}
}

@MISC{www-isiwos,
  title = {{ISI Web of Science}},
  howpublished = {Web Page},
  owner = {fuwang},
  timestamp = {2014.03.07},
  url = {http://wokinfo.com/}
}

@MISC{www-mendeley,
  title = {{Mendeley}},
  howpublished = {Web Page},
  owner = {fuwang},
  timestamp = {2014.03.07},
  url = {http://www.mendeley.com/}
}

@MISC{www-msas,
  title = {{Microsoft Academic Search}},
  howpublished = {Web Page},
  owner = {fuwang},
  timestamp = {2014.03.07},
  url = {http://academic.research.microsoft.com/}
}

@MISC{www-nanohubcite,
  title = {{nanoHUB.org - Citations}},
  howpublished = {Web Page},
  owner = {fuwang},
  timestamp = {2014.03.07},
  url = {https://nanohub.org/citations}
}

@MISC{www-pop,
  title = {{Publish or Perish}},
  howpublished = {Web Page},
  owner = {fuwang},
  timestamp = {2014.03.07},
  url = {http://www.harzing.com/pop.htm}
}

@MISC{www-xdportalpub,
  title = {{XSEDE User Portal | Publications}},
  howpublished = {Web Page},
  owner = {fuwang},
  timestamp = {2014.03.07},
  url = {https://portal.xsede.org/publications}
}

@MISC{www-xsede,
  title = {{XSEDE}},
  howpublished = {Web Page},
  owner = {fuwang},
  timestamp = {2014.03.07},
  url = {https://www.xsede.org/}
}

